
@techreport{RogerBarga2020,
  title = {Keynote: {{The}} Role of Cloud and Open Source Software in the Future of Robotics},
  author = {{Roger Barga} and {Brian Gerkey}},
  year = {2020},
  address = {{Cloud Robotics Summit}},
  institution = {{AWS}},
  url = {https://pages.awscloud.com/rs/112-TZM-766/images/01_The-Role-of-Cloud-and-Open-Source-Software-in-the-Future-of-Robotics.pdf}
}


